@article{erdos,
author={De Bruijn, N. G. and Erd\H{o}s, P.},
title={A colour problem for infinite graphs and a problem in the theory of relations},
journal={Nederl. Akad. Wetensch. Proc. Ser. A},
volume={54},
pages={371-373},
year={1951},
}

@book{hadwiger,
author={Soifer, Alexander},
title={The Mathematical Coloring Book: Mathematics of Coloring and the Colorful Life of its Creators},
year={2008},
publisher={Springer},
address={New York},
}

